
@article{wang2011selectively,
	title={Selectively infiltrated photonic crystal fiber with ultrahigh temperature sensitivity},
	author={Wang, Ying and Yang, Minwei and Wang, DN and Liao, CR},
	journal={IEEE Photonics Technology Letters},
	volume={23},
	number={20},
	pages={1520--1522},
	year={2011},
	publisher={IEEE}
}


@article{rifat2016highly,
	title={Highly sensitive multi-core flat fiber surface plasmon resonance refractive index sensor},
	author={Rifat, Ahmmed A and Mahdiraji, G Amouzad and Sua, Yong Meng and Ahmed, Rajib and Shee, YG and Adikan, FR Mahamd},
	journal={Optics express},
	volume={24},
	number={3},
	pages={2485--2495},
	year={2016},
	publisher={Optical Society of America}
}



@article{caucheteur2015review,
	title={Review of plasmonic fiber optic biochemical sensors: improving the limit of detection},
	author={Caucheteur, Christophe and Guo, Tuan and Albert, Jacques},
	journal={Analytical and bioanalytical chemistry},
	volume={407},
	number={14},
	pages={3883--3897},
	year={2015},
	publisher={Springer}
}

 
@article{dash2014spr,
	title={SPR biosensor based on polymer PCF coated with conducting metal oxide},
	author={Dash, Jitendra Narayan and Jha, Rajan},
	journal={IEEE Photonics Technology Letters},
	volume={26},
	number={6},
	pages={595--598},
	year={2014},
	publisher={IEEE}
}


@article{wang2015simulation,
	title={Simulation analysis of a temperature sensor based on photonic crystal fiber filled with different shapes of nanowires},
	author={Wang, Mintuo and Lu, Ying and Hao, Congjing and Yang, Xianchao and Yao, Jianquan},
	journal={Optik},
	volume={126},
	number={23},
	pages={3687--3691},
	year={2015},
	publisher={Elsevier}
}




@article{bouk2004dispersion,
	title={Dispersion properties of square-lattice photonic crystal fibers},
	author={Bouk, AH and Cucinotta, A and Poli, F and Selleri, S},
	journal={Optics Express},
	volume={12},
	number={5},
	pages={941--946},
	year={2004},
	publisher={Optical Society of America}
}



@article{ademgil2014highly,
	title={Highly sensitive octagonal photonic crystal fiber based sensor},
	author={Ademgil, Huseyin},
	journal={Optik},
	volume={125},
	number={20},
	pages={6274--6278},
	year={2014},
	publisher={Elsevier}
}
 

@inproceedings{razzak2007chromatic,
	title={Chromatic dispersion properties of a decagonal photonic crystal fiber},
	author={Razzak, SM Abdur and Namihira, Yoshinori and Khan, MAG and Begum, F and Kaijage, S},
	booktitle={2007 International Conference on Information and Communication Technology},
	pages={159--162},
	year={2007},
	organization={IEEE}
}




@article{kretschmann1968radiative,
	title={Radiative decay of non radiative surface plasmons excited by light},
	author={Kretschmann, Erwin and Raether, Heinz},
	journal={Zeitschrift f{\"u}r Naturforschung A},
	volume={23},
	number={12},
	pages={2135--2136},
	year={1968},
	publisher={Verlag der Zeitschrift f{\"u}r Naturforschung}
}






 
@article{yasli2019effect,
	title={Effect of plasmonic materials on photonic crystal fiber based surface plasmon resonance sensors},
	author={Yasli, Ahmet and Ademgil, Huseyin},
	journal={Modern Physics Letters B},
	volume={33},
	number={13},
	pages={1950157},
	year={2019},
	publisher={World Scientific}
}


@article{hassani2006design,
	title={Design of the microstructured optical fiber-based surface plasmon resonance sensors with enhanced microfluidics},
	author={Hassani, A and Skorobogatiy, M},
	journal={Optics Express},
	volume={14},
	number={24},
	pages={11616--11621},
	year={2006},
	publisher={Optical Society of America}
}

 

@article{zhang2011wagon,
	title={Wagon wheel fiber based multichannel plasmonic sensor},
	author={Zhang, Yating and Zhou, Chi and Xia, Li and Yu, Xia and Liu, Deming},
	journal={Optics express},
	volume={19},
	number={23},
	pages={22863--22873},
	year={2011},
	publisher={Optical Society of America}
}

  

@article{yasli2019multi,
	title={Multi-Channel Photonic Crystal Fiber based Surface Plasmon Resonance Sensor for Multi-Analyte Sensing},
	author={Yasli, Ahmet and Ademgil, Huseyin and Haxha, Shyqyri and Aggoun, Amar},
	journal={IEEE Photonics Journal},
	year={2019},
	publisher={IEEE}
}



@article{azzam2016multichannel,
	title={Multichannel photonic crystal fiber surface plasmon resonance based sensor},
	author={Azzam, Shaimaa I and Hameed, Mohamed Farhat O and Shehata, Rania Eid A and Heikal, AM and Obayya, Salah SA},
	journal={Optical and Quantum Electronics},
	volume={48},
	number={2},
	pages={142},
	year={2016},
	publisher={Springer}
}





@article{otupiri2015multi,
	title={Multi-channel SPR biosensor based on PCF for multi-analyte sensing applications},
	author={Otupiri, R and Akowuah, Emmanuel K and Haxha, Shyqyri},
	journal={Optics express},
	volume={23},
	number={12},
	pages={15716--15727},
	year={2015},
	publisher={Optical Society of America}
}



@article{fornarelli2009neural,
	title={A neural network model of erbium-doped photonic crystal fibre amplifiers},
	author={Fornarelli, G and Mescia, L and Prudenzano, F and De Sario, M and Vacca, F},
	journal={Optics \& Laser Technology},
	volume={41},
	number={5},
	pages={580--585},
	year={2009},
	publisher={Elsevier}
}



@article{abdelaziz2012photonic,
	title={Photonic crystal fiber with an ultrahigh birefringence and flattened dispersion by using genetic algorithms},
	author={Abdelaziz, Ilyes and AbdelMalek, Fathi and Haxha, Shyqyri and Ademgil, Huseyin and Bouchriha, Habib},
	journal={Journal of Lightwave Technology},
	volume={31},
	number={2},
	pages={343--348},
	year={2012},
	publisher={IEEE}
}


 
@article{borel2004topology,
	title={Topology optimization and fabrication of photonic crystal structures},
	author={Borel, Peter Ingo and Harp{\o}th, Anders and Frandsen, Lars Hagedorn and Kristensen, Martin and Shi, Peixiong and Jensen, Jakob S{\o}ndergaard and Sigmund, Ole},
	journal={Optics express},
	volume={12},
	number={9},
	pages={1996--2001},
	year={2004},
	publisher={Optical Society of America}
}



@article{hameed2008accurate,
	title={Accurate radial basis function based neural network approach for analysis of photonic crystal fibers},
	author={Hameed, MFO and Obayya, SSA and Al-Begain, K and Nasr, AM and El Maaty, MI Abo},
	journal={Optical and quantum electronics},
	volume={40},
	number={11-12},
	pages={891},
	year={2008},
	publisher={Springer}
}


@article{fu2018optimization,
	title={Optimization for gold nanostructure-based surface plasmon biosensors using a microgenetic algorithm},
	author={Fu, Po-Han and Lo, Shu-Cheng and Tsai, Po-Cheng and Lee, Kuang-Li and Wei, Pei-Kuen},
	journal={ACS Photonics},
	volume={5},
	number={6},
	pages={2320--2327},
	year={2018},
	publisher={ACS Publications}
}


@article{mcatee2019artificial,
	title={Artificial neural network to estimate the refractive index of a liquid infiltrating a chiral sculptured thin film},
	author={McAtee, Patrick D and Bukkapatnam, Satish TS and Lakhtakia, Akhlesh},
	journal={Journal of Nanophotonics},
	volume={13},
	number={4},
	pages={046006},
	year={2019},
	publisher={International Society for Optics and Photonics}
}



@article{kiarashinejad2020knowledge,
  title={Knowledge discovery in nanophotonics using geometric deep learning},
  author={Kiarashinejad, Yashar and Zandehshahvar, Mohammadreza and Abdollahramezani, Sajjad and Hemmatyar, Omid and Pourabolghasem, Reza and Adibi, Ali},
  journal={Advanced Intelligent Systems},
  volume={2},
  number={2},
  pages={1900132},
  year={2020},
  publisher={Wiley Online Library}
}

@article{asano2018optimization,
  title={Optimization of photonic crystal nanocavities based on deep learning},
  author={Asano, Takashi and Noda, Susumu},
  journal={Optics express},
  volume={26},
  number={25},
  pages={32704--32717},
  year={2018},
  publisher={Optical Society of America}
}
@article{paper0,
  title={Machine learning approach for computing optical properties of a photonic crystal fiber},
  author={Chugh, Sunny and Gulistan, Aamir and Ghosh, Souvik and Rahman, BMA},
  journal={Optics Express},
  volume={27},
  number={25},
  pages={36414--36425},
  year={2019},
  publisher={Optical Society of America}
}
@inproceedings{mao2017least,
  title={Least squares generative adversarial networks},
  author={Mao, Xudong and Li, Qing and Xie, Haoran and Lau, Raymond YK and Wang, Zhen and Paul Smolley, Stephen},
  booktitle={Proceedings of the IEEE International Conference on Computer Vision},
  pages={2794--2802},
  year={2017}
}
@inproceedings{lucic2018gans,
  title={Are gans created equal? a large-scale study},
  author={Lucic, Mario and Kurach, Karol and Michalski, Marcin and Gelly, Sylvain and Bousquet, Olivier},
  booktitle={Advances in neural information processing systems},
  pages={700--709},
  year={2018}
}
@inproceedings{goodfellow2014generative,
  title={Generative adversarial nets},
  author={Goodfellow, Ian and Pouget-Abadie, Jean and Mirza, Mehdi and Xu, Bing and Warde-Farley, David and Ozair, Sherjil and Courville, Aaron and Bengio, Yoshua},
  booktitle={Advances in neural information processing systems},
  pages={2672--2680},
  year={2014}
}
@inproceedings{schlegl2017unsupervised,
  title={Unsupervised anomaly detection with generative adversarial networks to guide marker discovery},
  author={Schlegl, Thomas and Seeb{\"o}ck, Philipp and Waldstein, Sebastian M and Schmidt-Erfurth, Ursula and Langs, Georg},
  booktitle={International conference on information processing in medical imaging},
  pages={146--157},
  year={2017},
  organization={Springer}
}
@inproceedings{zheng2017unlabeled,
  title={Unlabeled samples generated by gan improve the person re-identification baseline in vitro},
  author={Zheng, Zhedong and Zheng, Liang and Yang, Yi},
  booktitle={Proceedings of the IEEE International Conference on Computer Vision},
  pages={3754--3762},
  year={2017}
}
@inproceedings{frid2018synthetic,
  title={Synthetic data augmentation using GAN for improved liver lesion classification},
  author={Frid-Adar, Maayan and Klang, Eyal and Amitai, Michal and Goldberger, Jacob and Greenspan, Hayit},
  booktitle={2018 IEEE 15th international symposium on biomedical imaging (ISBI 2018)},
  pages={289--293},
  year={2018},
  organization={IEEE}
}
@article{tanaka2019data,
  title={Data augmentation using GANs},
  author={Tanaka, Fabio Henrique Kiyoiti dos Santos and Aranha, Claus},
  journal={arXiv preprint arXiv:1904.09135},
  year={2019}
}
@article{perez2017effectiveness,
  title={The effectiveness of data augmentation in image classification using deep learning},
  author={Perez, Luis and Wang, Jason},
  journal={arXiv preprint arXiv:1712.04621},
  year={2017}
}
@article{ravuri2019seeing,
  title={Seeing is not necessarily believing: Limitations of biggans for data augmentation},
  author={Ravuri, Suman and Vinyals, Oriol},
  year={2019}
}
@inproceedings{shmelkov2018good,
  title={How good is my GAN?},
  author={Shmelkov, Konstantin and Schmid, Cordelia and Alahari, Karteek},
  booktitle={Proceedings of the European Conference on Computer Vision (ECCV)},
  pages={213--229},
  year={2018}
}
@article{bhattarai2019sampling,
  title={Sampling Strategies for GAN Synthetic Data},
  author={Bhattarai, Binod and Baek, Seungryul and Bodur, Rumeysa and Kim, Tae-Kyun},
  journal={arXiv preprint arXiv:1909.04689},
  year={2019}
}
@article{kingma2014adam,
  title={Adam: A method for stochastic optimization},
  author={Kingma, Diederik P and Ba, Jimmy},
  journal={arXiv preprint arXiv:1412.6980},
  year={2014}
}
@article{ioffe2015batch,
  title={Batch normalization: Accelerating deep network training by reducing internal covariate shift},
  author={Ioffe, Sergey and Szegedy, Christian},
  journal={arXiv preprint arXiv:1502.03167},
  year={2015}
}
@article{arjovsky2017wasserstein,
  title={Wasserstein gan},
  author={Arjovsky, Martin and Chintala, Soumith and Bottou, L{\'e}on},
  journal={arXiv preprint arXiv:1701.07875},
  year={2017}
}
@inproceedings{gulrajani2017improved,
  title={Improved training of wasserstein gans},
  author={Gulrajani, Ishaan and Ahmed, Faruk and Arjovsky, Martin and Dumoulin, Vincent and Courville, Aaron C},
  booktitle={Advances in neural information processing systems},
  pages={5767--5777},
  year={2017}
}
@article{masters2018revisiting,
  title={Revisiting small batch training for deep neural networks},
  author={Masters, Dominic and Luschi, Carlo},
  journal={arXiv preprint arXiv:1804.07612},
  year={2018}
}
@article{keskar2016large,
  title={On large-batch training for deep learning: Generalization gap and sharp minima},
  author={Keskar, Nitish Shirish and Mudigere, Dheevatsa and Nocedal, Jorge and Smelyanskiy, Mikhail and Tang, Ping Tak Peter},
  journal={arXiv preprint arXiv:1609.04836},
  year={2016}
}
@inproceedings{hoffer2017train,
  title={Train longer, generalize better: closing the generalization gap in large batch training of neural networks},
  author={Hoffer, Elad and Hubara, Itay and Soudry, Daniel},
  booktitle={Advances in Neural Information Processing Systems},
  pages={1731--1741},
  year={2017}
}
@BOOK{principles,
  TITLE = { Neural Networks and Deep Learning},
  AUTHOR = {Michael Nielsen},
  YEAR = {2019}, 
  LINK = { http://neuralnetworksanddeeplearning.com/},
}
@article{HORNIK1991251,
title = "Approximation capabilities of multilayer feedforward networks",
journal = "Neural Networks",
volume = "4",
number = "2",
pages = "251 - 257",
year = "1991",
issn = "0893-6080",
doi = "https://doi.org/10.1016/0893-6080(91)90009-T",
url = "http://www.sciencedirect.com/science/article/pii/089360809190009T",
author = "Kurt Hornik",
keywords = "Multilayer feedforward networks, Activation function, Universal approximation capabilities, Input environment measure, () approximation, Uniform approximation, Sobolev spaces, Smooth approximation",
abstract = "We show that standard multilayer feedforward networks with as few as a single hidden layer and arbitrary bounded and nonconstant activation function are universal approximators with respect to Lp(μ) performance criteria, for arbitrary finite input environment measures μ, provided only that sufficiently many hidden units are available. If the activation function is continuous, bounded and nonconstant, then continuous mappings can be learned uniformly over compact input sets. We also give very general conditions ensuring that networks with sufficiently smooth activation functions are capable of arbitrarily accurate approximation to a function and its derivatives."
}
@article{mescia2011refinement,
  title={Refinement and design of rare earth doped photonic crystal fibre amplifier using an ANN approach},
  author={Mescia, Luciano and Fornarelli, Girolamo and Magarielli, Donato and Prudenzano, Francesco and De Sario, Marco and Vacca, Francesco},
  journal={Optics \& Laser Technology},
  volume={43},
  number={7},
  pages={1096--1103},
  year={2011},
  publisher={Elsevier}
}
@article{hameed2008accurate,
  title={Accurate radial basis function based neural network approach for analysis of photonic crystal fibers},
  author={Hameed, MFO and Obayya, SSA and Al-Begain, K and Nasr, AM and El Maaty, MI Abo},
  journal={Optical and quantum electronics},
  volume={40},
  number={11-12},
  pages={891},
  year={2008},
  publisher={Springer}
}
@inproceedings{rodriguez2010efficient,
  title={Efficient Neural Network Modeling of Photonic Crystal Fiber Chromatic Dispersion},
  author={Rodr{\'\i}guez-Esquerre, VF and Is{\'\i}dio-Lima, JJ and Dourado-Sisnando, A},
  booktitle={Latin America Optics and Photonics Conference},
  pages={PDPTuK1},
  year={2010},
  organization={Optical Society of America}
}
@InProceedings{shin2018medical,
author="Shin, Hoo-Chang
and Tenenholtz, Neil A.
and Rogers, Jameson K.
and Schwarz, Christopher G.
and Senjem, Matthew L.
and Gunter, Jeffrey L.
and Andriole, Katherine P.
and Michalski, Mark",
editor="Gooya, Ali
and Goksel, Orcun
and Oguz, Ipek
and Burgos, Ninon",
title="Medical Image Synthesis for Data Augmentation and Anonymization Using Generative Adversarial Networks",
booktitle="Simulation and Synthesis in Medical Imaging",
year="2018",
publisher="Springer International Publishing",
address="Cham",
pages="1--11",
}


@online{comsol_help,
	author = {COMSOL},
	title = { COMSOL Multiphysics User’s Guide },
	year = 2007,
	url = file:///C:/COMSOL34/doc/multiphysics/wwhelp/wwhimpl/js/html/wwhelp.htm?href=quickguide.3.2.html#545846},
}


@article{gedney1996anisotropic,
	title={An anisotropic perfectly matched layer-absorbing medium for the truncation of FDTD lattices},
	author={Gedney, Stephen D},
	journal={IEEE transactions on Antennas and Propagation},
	volume={44},
	number={12},
	pages={1630--1639},
	year={1996},
	publisher={IEEE}
}

@article{saitoh2001full,
	title={Full-vectorial finite element beam propagation method with perfectly matched layers for anisotropic optical waveguides},
	author={Saitoh, Kunimasa and Koshiba, Masanori},
	journal={Journal of lightwave technology},
	volume={19},
	number={3},
	pages={405},
	year={2001},
	publisher={IEEE}
}


@article{johnson1972optical,
	title={Optical constants of the noble metals},
	author={Johnson, Peter B and Christy, R-W\_},
	journal={Physical review B},
	volume={6},
	number={12},
	pages={4370},
	year={1972},
	publisher={APS}
}


@book{bjarklev2003PCF,
	title={Photonic Crystal Fibres},
	author={Anders Bjarklev, Jes Broeng, Araceli Sanchez Bjarklev},
	year={2003},
	publisher={Kluwer academic publisher}
}




@article{yasli2019effect,
author = {Yasli, Ahmet and Ademgil, Huseyin},
title = {Effect of plasmonic materials on photonic crystal fiber based surface plasmon resonance sensors},
journal = {Modern Physics Letters B},
volume = {33},
number = {13},
pages = {1950157},
year = {2019},
doi = {10.1142/S0217984919501574},

URL = { 
        https://doi.org/10.1142/S0217984919501574
    
},
eprint = { 
        https://doi.org/10.1142/S0217984919501574
    
}
}


@article{koshiba2002full,
  title={Full-vector analysis of photonic crystal fibers using the finite element method},
  author={Koshiba, Masanori},
  journal={IEICE transactions on electronics},
  volume={85},
  number={4},
  pages={881--888},
  year={2002},
  publisher={The Institute of Electronics, Information and Communication Engineers}
}
